<record><leader>00000cas a22000007a 4500</leader><controlfield tag="001">9926961</controlfield><controlfield tag="008">830920d18581863nyuwr ne      0    0eng d</controlfield><datafield ind1=" " ind2=" " tag="010"><subfield code="a">sn 83031551 </subfield></datafield><datafield ind1=" " ind2=" " tag="040"><subfield code="a">NPU</subfield><subfield code="b">eng</subfield><subfield code="c">NPU</subfield><subfield code="d">NYG</subfield><subfield code="d">NYS</subfield><subfield code="d">DLC</subfield><subfield code="d">NYS</subfield><subfield code="d">OCL</subfield><subfield code="d">KRTAS</subfield><subfield code="d">OCLCF</subfield><subfield code="d">OCLCO</subfield></datafield><datafield ind1="1" ind2=" " tag="029"><subfield code="a">AU@</subfield><subfield code="b">000020227264</subfield></datafield><datafield ind1=" " ind2=" " tag="042"><subfield code="a">msc</subfield></datafield><datafield ind1="0" ind2=" " tag="130"><subfield code="a">Canajoharie radii (Canajoharie, N.Y. : 1858)</subfield></datafield><datafield ind1="0" ind2="4" tag="245"><subfield code="a">The Canajoharie radii.</subfield></datafield><datafield ind1=" " ind2=" " tag="260"><subfield code="a">Canajoharie, N.Y. :</subfield><subfield code="b">Levi S. Backus,</subfield></datafield><datafield ind1=" " ind2=" " tag="300"><subfield code="a">v. :</subfield><subfield code="b">ill ;</subfield><subfield code="c">61 cm.</subfield></datafield><datafield ind1=" " ind2=" " tag="310"><subfield code="a">Weekly</subfield></datafield><datafield ind1="0" ind2=" " tag="362"><subfield code="a">Vol. 23, no. 1146 (May 27, 1858)-v. 27, no. 1401 (Apr. 23, 1863) = New ser., v. 1, no. 2-v. 5, no. 49.</subfield></datafield><datafield ind1=" " ind2=" " tag="500"><subfield code="a">"An independent and literary family journal of general and local intelligence, agriculture and miscellaneous news."</subfield></datafield><datafield ind1=" " ind2=" " tag="500"><subfield code="a">Published every Thursday.</subfield></datafield><datafield ind1=" " ind2="0" tag="651"><subfield code="a">Canajoharie (N.Y.)</subfield><subfield code="v">Newspapers.</subfield></datafield><datafield ind1=" " ind2="0" tag="651"><subfield code="a">Montgomery County (N.Y.)</subfield><subfield code="v">Newspapers.</subfield></datafield><datafield ind1=" " ind2="7" tag="655"><subfield code="a">Newspapers.</subfield><subfield code="2">fast</subfield><subfield code="0">(OCoLC)fst01423814</subfield></datafield><datafield ind1=" " ind2="7" tag="651"><subfield code="a">New York (State)</subfield><subfield code="z">Canajoharie.</subfield><subfield code="2">fast</subfield><subfield code="0">(OCoLC)fst01238633</subfield></datafield><datafield ind1=" " ind2="7" tag="651"><subfield code="a">New York (State)</subfield><subfield code="z">Montgomery County.</subfield><subfield code="2">fast</subfield><subfield code="0">(OCoLC)fst01208884</subfield></datafield><datafield ind1=" " ind2=" " tag="752"><subfield code="a">United States</subfield><subfield code="b">New York</subfield><subfield code="c">Montgomery</subfield><subfield code="d">Canajoharie.</subfield></datafield><datafield ind1="0" ind2="0" tag="780"><subfield code="t">Radii (Fort Plain, N.Y.)</subfield><subfield code="w">(DLC)sn 87028068</subfield><subfield code="w">(OCoLC)15274431</subfield></datafield><datafield ind1="0" ind2="0" tag="785"><subfield code="t">Canajoharie radii and tax-payers' journal</subfield><subfield code="w">(DLC)sn 84031816</subfield></datafield><datafield ind1=" " ind2=" " tag="938"><subfield code="a">Kirtas Technologies, Inc.</subfield><subfield code="b">KRTS</subfield><subfield code="n">737455</subfield></datafield></record>